@article{hufford2013,
  title={The genomic signature of crop-wild introgression in maize},
  author={Hufford, Matthew B and Lubinksy, Pesach and Pyh{\"a}j{\"a}rvi, Tanja and Devengenzo, Michael T and Ellstrand, Norman C and Ross-Ibarra, Jeffrey},
  journal={PLoS genetics},
  volume={9},
  number={5},
  pages={e1003477},
  year={2013},
  publisher={Public Library of Science}
}

@article{brondani2005genetic,
  title={Genetic structure of wild rice Oryza glumaepatula populations in three Brazilian biomes using microsatellite markers},
  author={Brondani, Rosana Pereira Vianello and Zucchi, Maria Imaculada and Brondani, Claudio and Rangel, Paulo Hideo Nakano and Borba, Tereza Cristina De Oliveira and Rangel, Priscila Nascimento and Magalhaes, Mara Rubia and Vencovsky, Roland},
  journal={Genetica},
  volume={125},
  number={2-3},
  pages={115--123},
  year={2005},
  publisher={Springer}
}
